%% This BibTeX bibliography file was created using BibDesk.
%% http://bibdesk.sourceforge.net/


%% Created for Lauro Cesar Araujo at 2015-04-27 19:43:45 -0300 


%% Saved with string encoding Unicode (UTF-8) 

@article{de2023thesis,
  title={Thesis Certification: The Role of BrCris in the Integration and Management of Academic Production in Brazil},
  author={de Carvalho Segundo, Washington Lu{\'\i}s Ribeiro and Dias, Thiago Magela Rodrigues and dos Santos Silva, Vivian and Moreira, Tales Henrique Jos{\'e} and da Silva, Jesiel Viana and Chalco, Jesus Pascual Mena},
  journal={Hipertext. net},
  number={27},
  pages={121--128},
  year={2023}
}

@inproceedings{ferreira2018topin,
  title={Topin: Aplicativo para melhoria da experi{\^e}ncia dos usu{\'a}rios de transporte p{\'u}blico de Picos},
  author={Ferreira, Dayvid and Silva, Jesiel and Nunes, Felipe},
  booktitle={Anais da IV Escola Regional de Inform{\'a}tica do Piau{\'\i}},
  pages={137--142},
  year={2018},
  organization={SBC}
}


@misc{abntex2-wiki-como-customizar,
	Author = {Lauro C{\'e}sar Araujo},
	Date-Added = {2013-03-23 21:39:21 +0000},
	Date-Modified = {2015-04-27 22:43:06 +0000},
	Howpublished = {Wiki do abnTeX2},
	Keywords = {wiki},
	Title = {Como customizar o abnTeX2},
	Url = {https://github.com/abntex/abntex2/wiki/ComoCustomizar},
	Urlaccessdate = {27 abr 2015},
	Year = {2015},
	Bdsk-Url-1 = {https://github.com/abntex/abntex2/wiki/ComoCustomizar}}

@manual{talbot2012,
	Author = {Nicola L.C. Talbot},
	Date-Added = {2013-03-11 12:06:04 +0000},
	Date-Modified = {2013-03-11 12:06:56 +0000},
	Month = {Nov.},
	Title = {User Manual for glossaries.sty},
	Url = {http://mirrors.ctan.org/macros/latex/contrib/glossaries/glossaries-user.pdf},
	Urlaccessdate = {11 mar. 2013},
	Year = {2012},
	Bdsk-Url-1 = {http://mirrors.ctan.org/macros/latex/contrib/glossaries/glossaries-user.pdf}}

@manual{babel,
	Author = {Johannes Braams},
	Date-Added = {2013-02-17 13:37:14 +0000},
	Date-Modified = {2013-02-17 13:38:38 +0000},
	Month = {Apr.},
	Title = {Babel, a multilingual package for use with LATEX's standard document classes},
	Url = {http://mirrors.ctan.org/info/babel/babel.pdf},
	Urlaccessdate = {17 fev. 2013},
	Year = {2008},
	Bdsk-Url-1 = {http://mirrors.ctan.org/info/babel/babel.pdf}}

@manual{abntex2modelo-artigo,
	Annote = {Este documento {\'e} derivado do \cite{abnt-bibtex-doc}},
	Author = {Lauro C{\'e}sar Araujo},
	Date-Added = {2013-01-15 00:10:35 +0000},
	Date-Modified = {2015-04-27 22:43:13 +0000},
	Organization = {Equipe abnTeX2},
	Title = {Modelo Can{\^o}nico de Artigo Cient{\'\i}fico com abnTeX2},
	Url = {http://www.abntex.net.br/},
	Year = {2015},
	Bdsk-Url-1 = {http://www.abntex.net.br/}}

@manual{abntex2modelo-relatorio,
	Annote = {Este documento {\'e} derivado do \cite{abnt-bibtex-doc}},
	Author = {Lauro C{\'e}sar Araujo},
	Date-Added = {2013-01-15 00:05:34 +0000},
	Date-Modified = {2015-04-27 22:43:18 +0000},
	Organization = {Equipe abnTeX2},
	Title = {Modelo Can{\^o}nico de Relat{\'o}rio T{\'e}cnico e/ou Cient{\'\i}fico com abnTeX2},
	Url = {http://www.abntex.net.br/},
	Year = {2015},
	Bdsk-Url-1 = {http://www.abntex.net.br/}}

@manual{abntex2modelo,
	Annote = {Este documento {\'e} derivado do \cite{abnt-bibtex-doc}},
	Author = {Lauro C{\'e}sar Araujo},
	Date-Added = {2013-01-12 22:55:32 +0000},
	Date-Modified = {2015-04-27 22:43:32 +0000},
	Organization = {Equipe abnTeX2},
	Title = {Modelo Can{\^o}nico de Trabalho Acad{\^e}mico com abnTeX2},
	Url = {http://www.abntex.net.br/},
	Year = {2015},
	Bdsk-Url-1 = {http://www.abntex.net.br/}}

@mastersthesis{araujo2012,
	Address = {Bras{\'\i}lia},
	Author = {Lauro C{\'e}sar Araujo},
	Date-Added = {2013-01-09 11:04:42 +0000},
	Date-Modified = {2013-01-09 11:04:42 +0000},
	Month = {03},
	School = {Universidade de Bras{\'\i}lia},
	Subtitle = {uma perspectiva de {A}rquitetura da {I}nforma{\c c}{\~a}o da {E}scola de {B}ras{\'\i}lia},
	Title = {Configura{\c c}{\~a}o},
	Year = {2012}}

@manual{memoir,
	Address = {Normandy Park, WA},
	Author = {Peter Wilson and Lars Madsen},
	Date-Added = {2013-01-09 10:37:50 +0000},
	Date-Modified = {2013-03-21 13:23:25 +0000},
	Organization = {The Herries Press},
	Title = {The Memoir Class for Configurable Typesetting - User Guide},
	Url = {http://mirrors.ctan.org/macros/latex/contrib/memoir/memman.pdf},
	Urlaccessdate = {19 dez. 2012},
	Year = {2010},
	Bdsk-Url-1 = {http://ctan.tche.br/macros/latex/contrib/memoir/memman.pdf}}

@manual{abntex2cite-alf,
	Annote = {Este documento {\'e} derivado do \cite{abnt-bibtex-alf-doc}},
	Author = {Lauro C{\'e}sar Araujo},
	Date-Added = {2013-01-09 10:37:45 +0000},
	Date-Modified = {2015-04-27 22:43:44 +0000},
	Organization = {Equipe abnTeX2},
	Title = {O pacote abntex2cite: t{\'o}picos espec{\'\i}ficos da ABNT NBR 10520:2002 e o estilo bibliogr{\'a}fico alfab{\'e}tico (sistema autor-data)},
	Url = {http://www.abntex.net.br/},
	Year = {2015},
	Bdsk-Url-1 = {http://www.abntex.net.br/}}

@manual{abntex2cite,
	Annote = {Este documento {\'e} derivado do \cite{abnt-bibtex-doc}},
	Author = {Lauro C{\'e}sar Araujo},
	Date-Added = {2013-01-09 10:37:45 +0000},
	Date-Modified = {2015-04-27 22:43:38 +0000},
	Organization = {Equipe abnTeX2},
	Title = {O pacote abntex2cite: Estilos bibliogr{\'a}ficos compat{\'\i}veis com a ABNT NBR 6023},
	Url = {http://www.abntex.net.br/},
	Year = {2015},
	Bdsk-Url-1 = {http://www.abntex.net.br/}}

@manual{abntex2classe,
	Author = {Lauro C{\'e}sar Araujo},
	Date-Added = {2013-01-09 10:37:38 +0000},
	Date-Modified = {2015-04-27 22:42:47 +0000},
	Organization = {Equipe abnTeX2},
	Title = {A classe abntex2: Modelo can{\^o}nico de trabalhos acad{\^e}micos brasileiros compat{\'\i}vel com as normas ABNT NBR 14724:2011, ABNT NBR 6024:2012 e outras},
	Url = {http://www.abntex.net.br/},
	Year = {2015},
	Bdsk-Url-1 = {http://www.abntex.net.br/}}

@manual{NBR10520:2002,
	Address = {Rio de Janeiro},
	Date-Added = {2012-12-15 21:43:38 +0000},
	Date-Modified = {2013-01-12 22:17:20 +0000},
	Month = {ago.},
	Org-Short = {ABNT},
	Organization = {Associa{\c c}\~ao Brasileira de Normas T\'ecnicas},
	Pages = 7,
	Subtitle = {Informa{\c c}\~ao e documenta{\c c}\~ao --- Apresenta{\c c}\~ao de cita{\c c}\~oes em documentos},
	Title = {{NBR} 10520},
	Year = 2002}

@manual{NBR6024:2012,
	Address = {Rio de Janeiro},
	Date-Added = {2012-12-15 21:24:06 +0000},
	Date-Modified = {2012-12-15 21:24:28 +0000},
	Month = {fev.},
	Org-Short = {ABNT},
	Organization = {Associa{\c c}\~ao Brasileira de Normas T\'ecnicas},
	Pages = 4,
	Subtitle = {Numera{\c c}\~ao progressiva das se{\c c}\~oes de um documento},
	Title = {{NBR} 6024},
	Year = 2012}

@manual{NBR6028:2003,
	Address = {Rio de Janeiro},
	Date-Added = {2012-12-15 21:02:12 +0000},
	Date-Modified = {2012-12-15 21:02:50 +0000},
	Month = {nov.},
	Org-Short = {ABNT},
	Organization = {Associa{\c c}\~ao Brasileira de Normas T\'ecnicas},
	Pages = 2,
	Subtitle = {Resumo - Apresenta{\c c}{\~a}o},
	Title = {{NBR} 6028},
	Year = 2003}

@manual{NBR14724:2001,
        Author = {ABNT},
	Address = {Rio de Janeiro},
	Date-Added = {2012-12-15 20:34:08 +0000},
	Date-Modified = {2012-12-15 20:34:08 +0000},
	Month = {jul.},
	Org-Short = {ABNT},
	Organization = {Associa{\c c}\~ao Brasileira de Normas T\'ecnicas},
	Pages = 6,
	Subtitle = {Informa{\c c}\~ao e documenta{\c c}\~ao --- trabalhos acad\^emicos --- apresenta{\c c}\~ao},
	Title = {{NBR} 14724},
	Year = 2001}

@manual{NBR14724:2002,
        Author = {ABNT},
	Address = {Rio de Janeiro},
	Date-Added = {2012-12-15 20:34:17 +0000},
	Date-Modified = {2012-12-15 20:34:17 +0000},
	Month = {ago.},
	Org-Short = {ABNT},
	Organization = {Associa{\c c}\~ao Brasileira de Normas T\'ecnicas},
	Pages = 6,
	Subtitle = {Informa{\c c}\~ao e documenta{\c c}\~ao --- trabalhos acad\^emicos --- apresenta{\c c}\~ao},
	Title = {{NBR} 14724},
	Year = 2002}

@manual{NBR14724:2005,
	Address = {Rio de Janeiro},
	Date-Added = {2012-12-15 20:34:08 +0000},
	Date-Modified = {2012-12-15 20:35:25 +0000},
	Month = {dez.},
	Org-Short = {ABNT},
	Organization = {Associa{\c c}\~ao Brasileira de Normas T\'ecnicas},
	Pages = 9,
	Subtitle = {Informa{\c c}\~ao e documenta{\c c}\~ao --- trabalhos acad\^emicos --- apresenta{\c c}\~ao},
	Title = {{NBR} 14724},
	Year = 2005}


@article{van86,
	Author = {{van}, Gigch, John P. and Leo L. Pipino},
	Journal = {Future Computing Systems},
	Number = {1},
	Pages = {71-97},
	Title = {In search for a paradigm for the discipline of information systems},
	Volume = {1},
	Year = {1986}}

@phdthesis{guizzardi2005,
	Address = {Enschede, The Netherlands},
	Author = {Giancarlo Guizzardi},
	Date-Added = {2012-04-23 11:35:28 +0000},
	Date-Modified = {2012-04-23 11:35:28 +0000},
	School = {Centre for Telematics and Information Technology, University of Twente},
	Title = {Ontological Foundations for Structural Conceptual Models},
	Url = {http://www.loa.istc.cnr.it/Guizzardi/SELMAS-CR.pdf},
	Urlaccessdate = {3 jul. 2011},
	Year = {2005},
	Bdsk-Url-1 = {http://www.loa.istc.cnr.it/Guizzardi/SELMAS-CR.pdf}}

@mastersthesis{macedo2005,
	Author = {Fl{\'a}via L. Macedo},
	Date-Added = {2012-04-23 11:35:13 +0000},
	Date-Modified = {2012-04-23 11:35:13 +0000},
	Keywords = {arquitetura da informa{\c c}{\~a}o},
	School = {Universidade de Bras{\'\i}lia},
	Title = {Arquitetura da Informa{\c c}{\~a}o: aspectos espistemol{\'o}gicos, cient{\'\i}ficos e pr{\'a}ticos.},
	Type = {Disserta{\c c}{\~a}o de Mestrado},
	Year = {2005}}

@manual{EIA649B,
	Address = {EUA},
	Date-Added = {2012-04-23 11:34:59 +0000},
	Date-Modified = {2012-04-23 11:34:59 +0000},
	Keywords = {norma},
	Month = {June},
	Organization = {TechAmerica},
	Title = {ANSI/EIA 649-B: Configuration Management Standard},
	Year = {2011}}

@inproceedings{masolo2010,
	Author = {Claudio Masolo},
	Booktitle = {Proceedings of the Twelfth International Conference on the Principles of Knowledge Representation and Reasoning (KR 2010)},
	Date-Added = {2012-04-23 11:34:38 +0000},
	Date-Modified = {2012-04-23 11:34:38 +0000},
	Editor = {Lin, F. and Sattler, U.},
	Pages = {258-268},
	Publisher = {AAAI Press},
	Title = {Understanding Ontological Levels},
	Url = {http://wiki.loa-cnr.it/Papers/kr10v0.7.pdf},
	Urlaccessdate = {2 jan. 2012},
	Year = {2010},
	Bdsk-Url-1 = {http://wiki.loa-cnr.it/Papers/kr10v0.7.pdf}}

@inbook{guarino1995,
	Address = {Vienna},
	Author = {Nicola Guarino},
	Booktitle = {Philosophy and the Cognitive Science},
	Date-Added = {2012-04-23 11:34:29 +0000},
	Date-Modified = {2012-04-23 11:34:29 +0000},
	Editor = {R. Casati and B. Smith and G. White},
	Month = {Sept.},
	Pages = {443-456},
	Publisher = {Holder-Pivhler-Tempsky},
	Title = {The Ontological Level},
	Url = {http://wiki.loa-cnr.it/Papers/OntLev.pdf},
	Urlaccessdate = {2 jan. 2012},
	Year = {1995},
	Bdsk-Url-1 = {http://wiki.loa-cnr.it/Papers/OntLev.pdf}}

@incollection{bates2010,
	Address = {New York},
	Author = {Marcia J. Bates},
	Booktitle = {Encyclopedia of Library and Information Sciences},
	Date-Added = {2012-04-23 11:34:29 +0000},
	Date-Modified = {2012-04-23 11:34:29 +0000},
	Edition = {3rd},
	Editor = {Marcia J. Bates and Mary Niles Maack},
	Pages = {2347-2360},
	Publisher = {CRC Press},
	Title = {Information},
	Url = {http://pages.gseis.ucla.edu/faculty/bates/articles/information.html},
	Urlaccessdate = {24 out. 2011},
	Volume = {3},
	Year = {2010},
	Bdsk-Url-1 = {http://pages.gseis.ucla.edu/faculty/bates/articles/information.html}}

@book{doxiadis1965,
	Author = {Constantinos A. Doxiadis},
	Date-Added = {2012-04-23 11:34:20 +0000},
	Date-Modified = {2012-04-23 11:34:20 +0000},
	Publisher = {Ceira - Coimbra},
	Title = {Arquitetura em Transi{\c c}{\~a}o},
	Year = {1965}}

@book{dewey1980,
	Address = {New York, NY, USA},
	Author = {John Dewey},
	Date-Added = {2012-04-23 11:34:16 +0000},
	Date-Modified = {2012-04-23 11:34:16 +0000},
	Publisher = {Perigee Books},
	Title = {Art as Experience},
	Year = {1980}}

@article{limaarranjo,
  title={Arranjo produtivo local da banana org{\^a}nica},
  author={Lima, LCO},
  Year = {2006},
  journal={Relat{\'o}rio de Pesquisa}
}

@article{de2011associaccao,
  title={Associa{\c{c}}{\~a}o Brasileira de Normas T{\'e}cnicas, 2011},
  author={ABNT,ASSOCIAÇÃO BRASILEIRA DE NORMAS TÉCNICAS},
  year={2011}
}

%% Jean Carlos	


@phdthesis{santos2024,
  author = {Bruno Candido dos Santos},
  title = {Redes geográficas e transporte rodoviário interestadual de passageiros no Brasil},
  school = {Faculdade de Filosofia, Letras e Ciências Humanas, Universidade de São Paulo},
  year = {2024},
  address = {São Paulo},
  type = {Tese (Doutorado em Geografia Humana)},
  doi = {10.11606/T.8.2024.tde-30082024-125240},
  url = {https://www.teses.usp.br/teses/disponiveis/8/8136/tde-30082024-125240/pt-br.php},
  note = {Acesso em: 10 mar. 2025}
}

@article{santos2022,
  author = {Bruno Candido dos Santos},
  title = {Desenvolvimento desigual e transporte rodoviário interestadual de passageiros: uma análise do município de Goiânia/GO},
  journal = {Ateliê Geográfico},
  volume = {16},
  number = {2},
  pages = {47--65},
  year = {2022},
  publisher = {Universidade Federal de Goiás}
}

@misc{antt2022,
    author = {Agência Nacional de Transportes Terrestres (ANTT)},
    title = {Relatório de Análise de Impacto Regulatório - Sandbox Pós-AP},
    year = {2022},
    url = {https://portal.antt.gov.br/documents/3116054/3118105/AIR%2B-%2BSandbox%2Bp%C3%B3s%2BAP.pdf/946f8fe2-3271-08a0-3e12-cb91da24ca75?t=1669149853010},
    note = {Acesso em: 10 mar. 2025}
}

@article{melo2007software,
  title={Software como servi{\c{c}}o: Um modelo de neg{\'o}cio emergente},
  author={Melo, C{\'a}ssio A and Arcoverde, Daniel F and Moraes, {\'E}frem RA and Pimentel, Jo{\~a}o HC and Freitas, Rodrigo Q},
  journal={Paper Centro de Inform{\'a}tica--Universidade Federal de Pernambuco (UFPE)},
  pages={27},
  year={2007}
}

@online{setcepar2023,
  author = "{SETCEPAR}",
  title = "{Digitalização reduz os custos nos transportes}",
  year = {2023},
  url = {https://setcepar.com.br/comunicacao/digitalizacao-reduz-os-custos-nos-transportes},
  note = {Acesso em: 10 mar. 2025}
}

@online{prologapp2024,
  author = "{PrologApp}",
  title = "{SaaS de logística: como funciona e quais as vantagens?}",
  year = {2024},
  url = {https://prologapp.com/blog/saas-de-logistica/},
  note = {Acesso em: 10 mar. 2025}
}

@misc{nextjsdocs2025,
  author = {{Vercel}},
  title = {Next.js Documentation},
  year = {2025},
  howpublished = {\url{https://nextjs.org/docs}},
  note = {Acesso em: 27 mar. 2025}
}

@misc{reactdocs2025,
  author = {{Meta}},
  title = {React.js Documentation},
  year = {2025},
  howpublished = {\url{https://react.dev/}},
  note = {Acesso em: 27 mar. 2025}
}

@misc{typescriptdocs2025,
  author = {{Microsoft}},
  title = {TypeScript Documentation},
  year = {2025},
  howpublished = {\url{https://www.typescriptlang.org/docs/}},
  note = {Acesso em: 27 mar. 2025}
}

@misc{nestdocs2025,
  author = {{NestJS}},
  title = {NestJS Documentation},
  year = {2025},
  howpublished = {\url{https://docs.nestjs.com/}},
  note = {Acesso em: 27 mar. 2025}
}

@misc{typeormdocs2025,
  author = {{TypeORM}},
  title = {TypeORM Documentation},
  year = {2025},
  howpublished = {\url{https://typeorm.io/}},
  note = {Acesso em: 27 mar. 2025}
}

@misc{postgresqldocs2025,
  author = {{PostgreSQL}},
  title = {PostgreSQL Documentation},
  year = {2025},
  howpublished = {\url{https://www.postgresql.org/docs/}},
  note = {Acesso em: 27 mar. 2025}
}

@misc{auth0docs2025,
  author = {{Auth0}},
  title = {Auth0 Documentation},
  year = {2025},
  howpublished = {\url{https://auth0.com/docs}},
  note = {Acesso em: 27 mar. 2025}
}

@misc{tailwinddocs2025,
  author = {{Tailwind Labs}},
  title = {Tailwind CSS Documentation},
  year = {2025},
  howpublished = {\url{https://tailwindcss.com/docs}},
  note = {Acesso em: 27 mar. 2025}
}

% fundamentação teórica

@misc{salesforce2025saas,
    title        = {{O que é SaaS (Software como Serviço)?}},
    author       = {{Salesforce}},
    year         = {2025},
    url          = {https://www.salesforce.com/br/saas/},
    note         = {Acesso em: 21 ago. 2025}
}

@misc{microsoft2025azure,
    title        = {{O que é Software como Serviço (SaaS)?}},
    author       = {{Microsoft Azure}},
    year         = {2025},
    url          = {https://azure.microsoft.com/pt-br/resources/cloud-computing-dictionary/what-is-saas},
    note         = {Acesso em: 21 ago. 2025}
}

@misc{microsoft2025learn,
    title        = {{SaaS e arquitetura de solução multilocatário}},
    author       = {{Microsoft Learn}},
    year         = {2025},
    url          = {https://learn.microsoft.com/pt-br/azure/architecture/guide/saas-multitenant-solution-architecture/},
    note         = {Acesso em: 21 ago. 2025}
}

@misc{prologapp2024,
    title        = {{Como uma solução SaaS impacta a gestão de frotas e transportes}},
    author       = {{Prolog App}},
    year         = {2024},
    url          = {https://www.prologapp.com/blog/saas-de-logistica/},
    note         = {Acesso em: 21 ago. 2025}
}

@misc{gestran2025saas,
    title        = {{Sistema para transportadora Online e SaaS}},
    author       = {{Gestran}},
    year         = {2025},
    url          = {https://www.gestran.com.br/blog/sistema-para-transportadora-online-e-saas},
    note         = {Acesso em: 21 ago. 2025}
}

@misc{agendor2025b2b,
    title        = {{O que é SaaS B2B? Vantagens e desvantagens para negócios!}},
    author       = {{Blog Agendor}},
    year         = {2025},
    url          = {https://www.agendor.com.br/blog/saas-b2b/},
    note         = {Acesso em: 21 ago. 2025}
}

@misc{praxio2023tecnologia,
    title        = {{A importância da tecnologia da informação na gestão de transporte}},
    author       = {{Blog Praxio}},
    year         = {2023},
    url          = {https://blog.praxio.com.br/a-importancia-da-tecnologia-da-informacao-na-gestao-de-transporte/},
    note         = {Acesso em: 21 ago. 2025}
}

@misc{pointsistemas2025logistica,
    title        = {{Logística Inteligente SaaS: O Futuro da Gestão de Transporte}},
    author       = {{Point Sistemas}},
    year         = {2025},
    url          = {https://pointsistemas.com.br/logistica-inteligente-saas-o-futuro-da-gestao-de-transporte/},
    note         = {Acesso em: 21 ago. 2025}
}